@Book{PresTeukVettFlan92,
  Title                    = {Numerical Recipes in C},
  Author                   = {William H. Press and Saul A. Teukolsky and William T. Vetterling and Brian P. Flannery},
  Publisher                = {Cambridge University Press},
  Year                     = {1992},

  Address                  = {Cambridge, USA},
  Edition                  = {Second}
}

@article{astropy:2013,
   Adsnote = {Provided by the SAO/NASA Astrophysics Data System},
   Adsurl = {http://adsabs.harvard.edu/abs/2013A%26A...558A..33A},
   Archiveprefix = {arXiv},
   Author = {{Astropy Collaboration} and {Robitaille}, T.~P. and {Tollerud}, E.~J. and {Greenfield}, P. and {Droettboom}, M. and {Bray}, E. and {Aldcroft}, T. and {Davis}, M. and {Ginsburg}, A. and {Price-Whelan}, A.~M. and {Kerzendorf}, W.~E. and {Conley}, A. and {Crighton}, N. and {Barbary}, K. and {Muna}, D. and {Ferguson}, H. and {Grollier}, F. and {Parikh}, M.~M. and {Nair}, P.~H. and {Unther}, H.~M. and {Deil}, C. and {Woillez}, J. and {Conseil}, S. and {Kramer}, R. and {Turner}, J.~E.~H. and {Singer}, L. and {Fox}, R. and {Weaver}, B.~A. and {Zabalza}, V. and {Edwards}, Z.~I. and {Azalee Bostroem}, K. and {Burke}, D.~J. and {Casey}, A.~R. and {Crawford}, S.~M. and {Dencheva}, N. and {Ely}, J. and {Jenness}, T. and {Labrie}, K. and {Lim}, P.~L. and {Pierfederici}, F. and {Pontzen}, A. and {Ptak}, A. and {Refsdal}, B. and {Servillat}, M. and {Streicher}, O.},
   Doi = {10.1051/0004-6361/201322068},
   Eid = {A33},
   Eprint = {1307.6212},
   Journal = {\aap},
   Keywords = {methods: data analysis, methods: miscellaneous, virtual observatory tools},
   Month = oct,
   Pages = {A33},
   Primaryclass = {astro-ph.IM},
   Title = {{Astropy: A community Python package for astronomy}},
   Volume = 558,
   Year = 2013,
   Bdsk-Url-1 = {https://dx.doi.org/10.1051/0004-6361/201322068}
}

@article{astropy:2018,
Adsnote = {Provided by the SAO/NASA Astrophysics Data System},
Adsurl = {https://ui.adsabs.harvard.edu/#abs/2018AJ....156..123T},
Author = {{Price-Whelan}, A.~M. and {Sip{\H{o}}cz}, B.~M. and {G{\"u}nther}, H.~M. and {Lim}, P.~L. and {Crawford}, S.~M. and {Conseil}, S. and {Shupe}, D.~L. and {Craig}, M.~W. and {Dencheva}, N. and {Ginsburg}, A. and {VanderPlas}, J.~T. and {Bradley}, L.~D. and {P{\'e}rez-Su{\'a}rez}, D. and {de Val-Borro}, M. and {Paper Contributors}, (Primary and {Aldcroft}, T.~L. and {Cruz}, K.~L. and {Robitaille}, T.~P. and {Tollerud}, E.~J. and {Coordination Committee}, (Astropy and {Ardelean}, C. and {Babej}, T. and {Bach}, Y.~P. and {Bachetti}, M. and {Bakanov}, A.~V. and {Bamford}, S.~P. and {Barentsen}, G. and {Barmby}, P. and {Baumbach}, A. and {Berry}, K.~L. and {Biscani}, F. and {Boquien}, M. and {Bostroem}, K.~A. and {Bouma}, L.~G. and {Brammer}, G.~B. and {Bray}, E.~M. and {Breytenbach}, H. and {Buddelmeijer}, H. and {Burke}, D.~J. and {Calderone}, G. and {Cano Rodr{\'\i}guez}, J.~L. and {Cara}, M. and {Cardoso}, J.~V.~M. and {Cheedella}, S. and {Copin}, Y. and {Corrales}, L. and {Crichton}, D. and {D{\textquoteright}Avella}, D. and {Deil}, C. and {Depagne}, {\'E}. and {Dietrich}, J.~P. and {Donath}, A. and {Droettboom}, M. and {Earl}, N. and {Erben}, T. and {Fabbro}, S. and {Ferreira}, L.~A. and {Finethy}, T. and {Fox}, R.~T. and {Garrison}, L.~H. and {Gibbons}, S.~L.~J. and {Goldstein}, D.~A. and {Gommers}, R. and {Greco}, J.~P. and {Greenfield}, P. and {Groener}, A.~M. and {Grollier}, F. and {Hagen}, A. and {Hirst}, P. and {Homeier}, D. and {Horton}, A.~J. and {Hosseinzadeh}, G. and {Hu}, L. and {Hunkeler}, J.~S. and {Ivezi{\'c}}, {\v{Z}}. and {Jain}, A. and {Jenness}, T. and {Kanarek}, G. and {Kendrew}, S. and {Kern}, N.~S. and {Kerzendorf}, W.~E. and {Khvalko}, A. and {King}, J. and {Kirkby}, D. and {Kulkarni}, A.~M. and {Kumar}, A. and {Lee}, A. and {Lenz}, D. and {Littlefair}, S.~P. and {Ma}, Z. and {Macleod}, D.~M. and {Mastropietro}, M. and {McCully}, C. and {Montagnac}, S. and {Morris}, B.~M. and {Mueller}, M. and {Mumford}, S.~J. and {Muna}, D. and {Murphy}, N.~A. and {Nelson}, S. and {Nguyen}, G.~H. and {Ninan}, J.~P. and {N{\"o}the}, M. and {Ogaz}, S. and {Oh}, S. and {Parejko}, J.~K. and {Parley}, N. and {Pascual}, S. and {Patil}, R. and {Patil}, A.~A. and {Plunkett}, A.~L. and {Prochaska}, J.~X. and {Rastogi}, T. and {Reddy Janga}, V. and {Sabater}, J. and {Sakurikar}, P. and {Seifert}, M. and {Sherbert}, L.~E. and {Sherwood-Taylor}, H. and {Shih}, A.~Y. and {Sick}, J. and {Silbiger}, M.~T. and {Singanamalla}, S. and {Singer}, L.~P. and {Sladen}, P.~H. and {Sooley}, K.~A. and {Sornarajah}, S. and {Streicher}, O. and {Teuben}, P. and {Thomas}, S.~W. and {Tremblay}, G.~R. and {Turner}, J.~E.~H. and {Terr{\'o}n}, V. and {van Kerkwijk}, M.~H. and {de la Vega}, A. and {Watkins}, L.~L. and {Weaver}, B.~A. and {Whitmore}, J.~B. and {Woillez}, J. and {Zabalza}, V. and {Contributors}, (Astropy},
Doi = {10.3847/1538-3881/aabc4f},
Eid = {123},
Journal = {The Astronomical Journal},
Keywords = {methods: data analysis, methods: miscellaneous, methods: statistical, reference systems, Astrophysics - Instrumentation and Methods for Astrophysics},
Month = Sep,
Pages = {123},
Primaryclass = {astro-ph.IM},
Title = {{The Astropy Project: Building an Open-science Project and Status of the v2.0 Core Package}},
Volume = {156},
Year = 2018,
Bdsk-Url-1 = {https://doi.org/10.3847/1538-3881/aabc4f}}


@ARTICLE{arXiv:0910.2233,
   author = {{Lang}, D. and {Hogg}, D.~W. and {Mierle}, K. and {Blanton}, M. and {Roweis}, S.},
    title = "{Astrometry.net: Blind astrometric calibration of arbitrary astronomical images}",
  journal = {The Astronomical Journal},
  year = 2010,
  volume = {137},
  pages = {1782--2800},
   note = {arXiv:0910.2233,doi:10.1088/0004-6256/139/5/1782](\url{http://dx.doi.org/10.1088/0004-6256/139/5/1782})},
   adsurl = {http://adsabs.harvard.edu/abs/2009arXiv0910.2233L},
}

@ARTICLE{web-sextractor,
   author = {{Bertin~et.al.}, E.},
   title  = {SExtractor v2.13 Draft},
   year   = 2015,
  journal = "WEB/URL",
   note    = {\\ \url{https://www.astromatic.net/pubsvn/software/sextractor/trunk/doc/sextractor.pdf}}
}

@article{DBLP:journals/corr/Boettiger14,
  author    = {Carl Boettiger},
  title     = {An introduction to Docker for reproducible research, with examples
               from the {R} environment},
  journal   = {CoRR},
  volume    = {abs/1410.0846},
  year      = {2014},
  url       = {http://arxiv.org/abs/1410.0846},
  archivePrefix = {arXiv},
  eprint    = {1410.0846},
  timestamp = {Mon, 13 Aug 2018 16:47:09 +0200},
  biburl    = {https://dblp.org/rec/journals/corr/Boettiger14.bib},
  bibsource = {dblp computer science bibliography, https://dblp.org}
}


@ARTICLE{1280px-Netfilter-components-svg,
   author = {{Engelhardt}, Jan.},
   title  = {Relation of the different Netfilter components to another},
   year   = 2008,
  journal = "WEB/URL",
   note   = {\\ \url{https://en.wikipedia.org/wiki/Netfilter#/media/File:Netfilter-components.svg}}
}

@ARTICLE{2000A&AS..143...33B,
       author = {{Bonnarel}, F. and {Fernique}, P. and {Bienaym{\'e}}, O. and
         {Egret}, D. and {Genova}, F. and {Louys}, M. and {Ochsenbein}, F. and
         {Wenger}, M. and {Bartlett}, J.~G.},
        title = "{The ALADIN interactive sky atlas. A reference tool for identification of astronomical sources}",
      journal = {Astronomy and Astrophysics Supplement Series},
     keywords = {ASTRONOMICAL DATA BASES: MISCELLANEOUS, CATALOGS, ATLASES, SURVEYS},
         year = 2000,
        month = apr,
       volume = {143},
        pages = {33-40},
          doi = {10.1051/aas:2000331},
       adsurl = {https://ui.adsabs.harvard.edu/abs/2000A&AS..143...33B},
      adsnote = {Provided by the SAO/NASA Astrophysics Data System}
}

@ARTICLE{2014A&C.....7..108S,
       author = {{{\v{S}}koda}, P. and {Draper}, P.~W. and {Neves}, M.~C. and
         {Andre{\v{s}}i{\v{c}}}, D. and {Jenness}, T.},
        title = "{Spectroscopic analysis in the virtual observatory environment with SPLAT-VO}",
      journal = {Astronomy and Computing},
     keywords = {Spectral analysis, Virtual observatory, VO, SPLAT-VO, StarJava, Astrophysics - Instrumentation and Methods for Astrophysics},
         year = 2014,
        month = nov,
       volume = {7},
        pages = {108-120},
          doi = {10.1016/j.ascom.2014.06.001},
archivePrefix = {arXiv},
       eprint = {1407.1765},
 primaryClass = {astro-ph.IM},
       adsurl = {https://ui.adsabs.harvard.edu/abs/2014A&C.....7..108S},
      adsnote = {Provided by the SAO/NASA Astrophysics Data System}
}

@INBOOK{2003ASPC..295..489J,
       author = {{Joye}, W.~A. and {Mandel}, E.},
        title = "{New Features of SAOImage DS9}",
    booktitle = {Astronomical Data Analysis Software and Systems XII},
         year = 2003,
       editor = {{Payne}, H.~E. and {Jedrzejewski}, R.~I. and {Hook}, R.~N.},
       volume = {295},
       series = {Astronomical Society of the Pacific Conference Series},
        pages = {489},
       adsurl = {https://ui.adsabs.harvard.edu/abs/2003ASPC..295..489J},
      adsnote = {Provided by the SAO/NASA Astrophysics Data System}
}

@INPROCEEDINGS{1998AAS...192.6401D,
       author = {{Djorgovski}, S.~G. and {Beichman}, C.},
        title = "{New Digital Sky Surveys: Introductory Comments}",
    booktitle = {American Astronomical Society Meeting Abstracts \#192},
         year = 1998,
       series = {American Astronomical Society Meeting Abstracts},
       volume = {192},
        month = may,
          eid = {64.01},
        pages = {64.01},
       adsurl = {https://ui.adsabs.harvard.edu/abs/1998AAS...192.6401D},
      adsnote = {Provided by the SAO/NASA Astrophysics Data System}
}

@INBOOK{2017ASPC..512..589T,
       author = {{Taylor}, M.~B.},
        title = "{TOPCAT's TAP Client}",
    booktitle = {Astronomical Data Analysis Software and Systems XXV},
         year = 2017,
       editor = {{Lorente}, N.~P.~F. and {Shortridge}, K. and {Wayth}, R.},
       volume = {512},
       series = {Astronomical Society of the Pacific Conference Series},
        pages = {589},
       adsurl = {https://ui.adsabs.harvard.edu/abs/2017ASPC..512..589T},
      adsnote = {Provided by the SAO/NASA Astrophysics Data System}
}

@INBOOK{2005ASPC..347...29T,
       author = {{Taylor}, M.~B.},
        title = "{TOPCAT \& STIL: Starlink Table/VOTable Processing Software}",
    booktitle = {Astronomical Data Analysis Software and Systems XIV},
         year = 2005,
       editor = {{Shopbell}, P. and {Britton}, M. and {Ebert}, R.},
       volume = {347},
       series = {Astronomical Society of the Pacific Conference Series},
        pages = {29},
       adsurl = {https://ui.adsabs.harvard.edu/abs/2005ASPC..347...29T},
      adsnote = {Provided by the SAO/NASA Astrophysics Data System}
}

SAMP_SimpleApplicationMessagingProtocol.pdf

@ARTICLE{SAMP-1,
   author = {{Taylor}, M. and {Boch}, T. and {Fitzpatrick}, M. and {Allan}, A. and
         {Fay}, J. and {Paioro}, L. and {Taylor}, J. and {Tody}, D.},
   title  = {Simple Application Messaging Protocol Version 1.3},
   year   = 2013,
  journal = "WEB/URL",
   note   = {\\ \url{http://www.ivoa.net/documents/SAMP/20120411/REC-SAMP-1.3-20120411.html} \\
   local: SAMP\_SimpleApplicationMessagingProtocol.pdf}
}


@MISC{2012ivoa.spec.1104T,
       author = {{Taylor}, M. and {Boch}, T. and {Fitzpatrick}, M. and {Allan}, A. and
         {Fay}, J. and {Paioro}, L. and {Taylor}, J. and {Tody}, D.},
        title = "{Simple Application Messaging Protocol Version 1.3}",
 howpublished = {IVOA Recommendation 11 April 2012},
         year = 2012,
        month = apr,
        pages = {1104},
          doi = {10.5479/ADS/bib/2012ivoa.spec.1104T},
       adsurl = {https://ui.adsabs.harvard.edu/abs/2012ivoa.spec.1104T},
      adsnote = {Provided by the SAO/NASA Astrophysics Data System}
}

% Very early use of IRAF
@INPROCEEDINGS{1984BAAS...16..497V,
   author = {{Valdes}, F.},
    title = "{The Interactive Data Reduction and Analysis Facility (IRAF)}",
booktitle = {Bulletin of the American Astronomical Society},
     year = 1984,
   series = {Bull. Am. Astron. Soc.},
   volume = 16,
    month = mar,
    pages = {497}
}


@INPROCEEDINGS{2006hstc.conf..437G,
   author = {{Greenfield}, P. and {White}, R.~L.},
    title = "{Where Will PyRAF Lead Us? The Future of Data Analysis Software at STScI}",
booktitle = {The 2005 HST Calibration Workshop: Hubble After the Transition to Two-Gyro Mode},
     year = 2006,
   editor = {{Koekemoer}, A.~M. and {Goudfrooij}, P. and {Dressel}, L.~L.
	},
    month = jan,
    pages = {437},
   adsurl = {http://adsabs.harvard.edu/abs/2006hstc.conf..437G},
  adsnote = {Provided by the SAO/NASA Astrophysics Data System}
}

@ARTICLE{FITSStandard-1,
   author = {{Chiappetti}, L., {et. al.}},
   title  = {FITS Standard Document Version 4.0 [DRAFT]     (22 July 2016)},
   year   = 2016,
  journal = "WEB/URL",
   note   = {\\ \url{https://fits.gsfc.nasa.gov/fits_standard.html}}
}

@ARTICLE{PyrafProgrammersGuide,
   author = {{Hodge},Philip~E.},
   title  = {PyRAF Programmer’s Guide},
   year   = 2004,
  journal = "WEB/URL",
   note   = {\\ \url{http://stsdas.stsci.edu/stsci_python_sphinxdocs_2.13/docs/pyraf_guide.pdf} \\
\url{https://lancesimms.com/programs/Python/pyraf/Docs/pyraf_guide.pdf}}
}

@ARTICLE{CLProgrammersGuide,
   author = {{Downey},C.~E. and {Tody},Douglas  and {Jacoby},George~H.},
   title  = {CL Programmers Guide},
   year   = 1982,
  journal = "WEB/URL",
   note   = {\\ \url{ftp://iraf.noao.edu/ftp/docs/clman.ps.Z}}
}



